<mx:record xmlns="http://www.w3.org/TR/xhtml1/strict" xmlns:mx="http://www.loc.gov/MARC21/slim" xmlns:xsi="http://www.w3.org/2001/XMLSchema-instance"><mx:leader>00000cz  a2200000n  45 0</mx:leader><mx:controlfield tag="001">oca01433389 </mx:controlfield><mx:controlfield tag="005">20080319173002.0</mx:controlfield><mx:controlfield tag="008">851104n| acannaab|          |a aaa     c</mx:controlfield><mx:datafield ind1=" " ind2=" " tag="010"><mx:subfield code="a">n  85143766</mx:subfield><mx:subfield code="z">n  85184012</mx:subfield></mx:datafield><mx:datafield ind1=" " ind2=" " tag="040"><mx:subfield code="a">InU</mx:subfield><mx:subfield code="b">eng</mx:subfield><mx:subfield code="c">DLC</mx:subfield><mx:subfield code="d">DLC</mx:subfield><mx:subfield code="d">Uk</mx:subfield><mx:subfield code="d">DLC</mx:subfield></mx:datafield><mx:datafield ind1="0" ind2=" " tag="100"><mx:subfield code="a">Pappus,</mx:subfield><mx:subfield code="c">of Alexandria</mx:subfield></mx:datafield><mx:datafield ind1="0" ind2=" " tag="400"><mx:subfield code="a">Pappos,</mx:subfield><mx:subfield code="c">von Alexandria</mx:subfield></mx:datafield><mx:datafield ind1="0" ind2=" " tag="400"><mx:subfield code="a">Pappus of Alexandria</mx:subfield></mx:datafield><mx:datafield ind1="0" ind2=" " tag="400"><mx:subfield code="a">Alexandria, Pappus of</mx:subfield></mx:datafield><mx:datafield ind1=" " ind2=" " tag="670"><mx:subfield code="a">Aristarchus, of Samos. Aristarchi Samii De magnitudinibus &amp; distantis solis &amp; lunae, 1688:</mx:subfield><mx:subfield code="b">t.p. (...Pappi Alexandrini...)</mx:subfield></mx:datafield><mx:datafield ind1=" " ind2=" " tag="670"><mx:subfield code="a">Encyc. Brit., 15th ed., 1985</mx:subfield><mx:subfield code="b">(Pappus of Alexandria; fl. ca. A.D. 320; the last great Greek geometer)</mx:subfield></mx:datafield><mx:datafield ind1=" " ind2=" " tag="670"><mx:subfield code="a">Der kleine Pauly</mx:subfield><mx:subfield code="b">(Pappos von Alexandreia; allegedly a contemp. of Theodosius I)</mx:subfield></mx:datafield><mx:datafield ind1=" " ind2=" " tag="670"><mx:subfield code="a">Lex. der alten Welt</mx:subfield><mx:subfield code="b">(Pappos von Alexandria; mathematician of ca. 300 A.D.; nothing is known about his life)</mx:subfield></mx:datafield><mx:datafield ind1=" " ind2=" " tag="999"><mx:subfield code="a">8287</mx:subfield></mx:datafield></mx:record>